[gd_scene load_steps=7 format=2]

[ext_resource path="res://TitleScreen/TitleScreen.gd" type="Script" id=1]
[ext_resource path="res://TitleScreen/Images/title bg.png" type="Texture" id=2]
[ext_resource path="res://TitleScreen/Images/logo.png" type="Texture" id=3]
[ext_resource path="res://TitleScreen/Buttons/StartGameButton.tscn" type="PackedScene" id=4]
[ext_resource path="res://TitleScreen/Buttons/ContinueButton.tscn" type="PackedScene" id=5]
[ext_resource path="res://Songs/House In a Forest Loop.ogg" type="AudioStream" id=6]

[node name="TitleScreen" type="Control"]

anchor_left = 0.0
anchor_top = 0.0
anchor_right = 1.0
anchor_bottom = 1.0
rect_pivot_offset = Vector2( 0, 0 )
rect_clip_content = false
mouse_filter = 0
mouse_default_cursor_shape = 0
size_flags_horizontal = 1
size_flags_vertical = 1
script = ExtResource( 1 )
_sections_unfolded = [ "Rect" ]

[node name="Sprite" type="Sprite" parent="." index="0"]

texture = ExtResource( 2 )
centered = false
_sections_unfolded = [ "Offset" ]

[node name="Menu" type="VBoxContainer" parent="." index="1"]

anchor_left = 0.0
anchor_top = 0.0
anchor_right = 0.0
anchor_bottom = 0.0
margin_left = 120.0
margin_top = 67.0
margin_right = 964.0
margin_bottom = 520.0
rect_pivot_offset = Vector2( 0, 0 )
rect_clip_content = false
mouse_filter = 1
mouse_default_cursor_shape = 0
size_flags_horizontal = 1
size_flags_vertical = 1
alignment = 0
_sections_unfolded = [ "Margin" ]

[node name="Logo" type="TextureRect" parent="Menu" index="0"]

anchor_left = 0.0
anchor_top = 0.0
anchor_right = 0.0
anchor_bottom = 0.0
margin_right = 844.0
margin_bottom = 57.0
rect_pivot_offset = Vector2( 0, 0 )
rect_clip_content = false
mouse_filter = 1
mouse_default_cursor_shape = 0
size_flags_horizontal = 1
size_flags_vertical = 1
texture = ExtResource( 3 )
stretch_mode = 4
_sections_unfolded = [ "Anchor", "Rect", "Size Flags" ]

[node name="CenterRow" type="HBoxContainer" parent="Menu" index="1"]

anchor_left = 0.0
anchor_top = 0.0
anchor_right = 0.0
anchor_bottom = 0.0
margin_top = 61.0
margin_right = 844.0
margin_bottom = 453.0
rect_pivot_offset = Vector2( 0, 0 )
rect_clip_content = false
mouse_filter = 1
mouse_default_cursor_shape = 0
size_flags_horizontal = 3
size_flags_vertical = 3
alignment = 1
_sections_unfolded = [ "Margin", "Rect", "Size Flags" ]

[node name="Buttons" type="VBoxContainer" parent="Menu/CenterRow" index="0"]

anchor_left = 0.0
anchor_top = 0.0
anchor_right = 0.0
anchor_bottom = 0.0
margin_right = 844.0
margin_bottom = 392.0
rect_pivot_offset = Vector2( 0, 0 )
rect_clip_content = false
mouse_filter = 1
mouse_default_cursor_shape = 0
size_flags_horizontal = 3
size_flags_vertical = 3
custom_constants/separation = 20
alignment = 1
_sections_unfolded = [ "Size Flags", "custom_constants" ]

[node name="StartGameButton" parent="Menu/CenterRow/Buttons" index="0" instance=ExtResource( 4 )]

margin_top = 86.0
margin_right = 844.0
margin_bottom = 146.0
rect_min_size = Vector2( 360, 60 )
text = "[Start Game]"
_sections_unfolded = [ "Anchor", "Focus", "Hint", "Mouse", "Rect", "Size Flags", "Theme", "custom_colors", "custom_constants", "custom_fonts", "custom_styles" ]
scene_to_load = "res://Scenes/Opening.tscn"

[node name="ContinueButton" parent="Menu/CenterRow/Buttons" index="1" instance=ExtResource( 5 )]

margin_top = 166.0
margin_right = 844.0
margin_bottom = 226.0
text = "[Choose Level]"
scene_to_load = "res://Game/StartGame.tscn"

[node name="How To" parent="Menu/CenterRow/Buttons" index="2" instance=ExtResource( 5 )]

margin_top = 246.0
margin_right = 844.0
margin_bottom = 306.0
text = "[How To Play]"
scene_to_load = "res://Scenes/HowTo.tscn"

[node name="AudioStreamPlayer" type="AudioStreamPlayer" parent="." index="2"]

stream = ExtResource( 6 )
volume_db = 0.0
pitch_scale = 1.0
autoplay = true
mix_target = 0
bus = "Master"


